@article{lundy1998heterosexual,
  title={Heterosexual romantic preferences: The importance of humor and physical Äness for different types of relationships},
  author={Lundy, Duane E and Tan, Josephine and Cunningham, Michael R},
  journal={Personal Relationships},
  volume={5},
  number={3},
  pages={311--325},
  year={1998},
  publisher={Wiley Online Library}
}

@article{smith2000resolving,
  title={Resolving conflict with humor in a diversity context},
  author={Smith, Wanda J and Harrington, K Vernard and Neck, Christopher P},
  journal={Journal of Managerial Psychology},
  volume={15},
  number={6},
  pages={606--625},
  year={2000},
  publisher={MCB UP Ltd}
}

@article{kruger1996nature,
  title={The nature of humor in human nature: Cross-cultural commonalities},
  author={Kruger, Arnold},
  journal={Counselling Psychology Quarterly},
  volume={9},
  number={3},
  pages={235--241},
  year={1996},
  publisher={Taylor}
}


@article{mobbs2003humor,
  title={Humor modulates the mesolimbic reward centers},
  author={Mobbs, Dean and Greicius, Michael D and Abdel-Azim, Eiman and Menon, Vinod and Reiss, Allan L},
  journal={Neuron},
  volume={40},
  number={5},
  pages={1041--1048},
  year={2003},
  publisher={Elsevier}
}

@article{martin2010psychology,
  title={The psychology of humor: An integrative approach},
  author={Martin, Rod A},
  year={2010},
  publisher={Access Online via Elsevier}
}

@article{martin1993humor,
  title={Humor, coping with stress, self-concept, and psychological well-being},
  author={Martin, Rod A and Kuiper, Nicholas A and Olinger, L and Dance, Kathryn A},
  year={1993}
}

@incollection{suls1983cognitive,
  title={Cognitive processes in humor appreciation},
  author={Suls, Jerry},
  booktitle={Handbook of humor research},
  pages={39--57},
  year={1983},
  publisher={Springer}
}

@article{attardo2002script,
  title={Script oppositions and logical mechanisms: Modeling incongruities and their resolutions},
  author={Attardo, Salvatore and Hempelmann, Christian F and Di Maio, Sara},
  journal={Humor},
  volume={15},
  number={1},
  pages={3--46},
  year={2002},
  publisher={WALTER DE GRUYTER \& CO}
}

@article{samson2009neural,
  title={Neural substrates of incongruity-resolution and nonsense humor},
  author={Samson, Andrea C and Hempelmann, Christian F and Huber, Oswald and Zysset, Stefan},
  journal={Neuropsychologia},
  volume={47},
  number={4},
  pages={1023--1033},
  year={2009},
  publisher={Elsevier}
}

@article{bartolo2006humor,
  title={Humor comprehension and appreciation: an FMRI study},
  author={Bartolo, Angela and Benuzzi, Francesca and Nocetti, Luca and Baraldi, Patrizia and Nichelli, Paolo},
  journal={Journal of Cognitive Neuroscience},
  volume={18},
  number={11},
  pages={1789--1798},
  year={2006},
  publisher={MIT Press}
}

@article{ritchie1999developing,
  title={Developing the incongruity-resolution theory},
  author={Ritchie, Graeme},
  year={1999}
}

@article{suls1972two,
  title={A two-stage model for the appreciation of jokes and cartoons: An information-processing analysis},
  author={Suls, Jerry M},
  journal={The psychology of humor},
  pages={81--100},
  year={1972},
  publisher={Academic New York}
}